@book{Knu86,
  author    = {Donald E. Knuth},
  title     = {The TeXbook},
  publisher = {Addison-Wesley},
  year      = {1986},
  isbn      = {0-201-13447-0},
  bibsource = {DBLP, http://dblp.uni-trier.de}
}

@book{Lam94,
  author    = {Leslie Lamport},
  title     = {LaTeX - A Document Preparation System: User's Guide and
               Reference Manual, Second Edition},
  publisher = {Pearson / Prentice Hall},
  year      = {1994},
  isbn      = {978-0-201-52983-8},
  pages     = {I-XVI, 1-272},
  bibsource = {DBLP, http://dblp.uni-trier.de}
}

@techreport{standish1994chaos,
  author = {The Standish Group},
  title = {CHAOS Report},
  year = {1994},
  institution = {The Standish Group International},
  note = {\\ Disponibile online: \url{https://cs.franklin.edu/~smithw/ITEC495_Resources/chaos%20report.pdf} [Ultimo accesso: 12-08-2025]},
  keywords = {software-failure}
}

@misc{beck2001agile,
  added-at = {2007-12-30T11:39:05.000+0100},
  author = {Beck, Kent and Beedle, Mike and van Bennekum, Arie and Cockburn, Alistair and Cunningham, Ward and Fowler, Martin and Grenning, James and Highsmith, Jim and Hunt, Andrew and Jeffries, Ron and Kern, Jon and Marick, Brian and Martin, Robert C. and Mellor, Steve and Schwaber, Ken and Sutherland, Jeff and Thomas, Dave},
  biburl = {https://www.bibsonomy.org/bibtex/28954248a545d88dd2c0e688d1c7e2f9d/juve},
  booktitle = {Manifesto for Agile Software Development},
  description = {Manifesto for Agile Software Development},
  interhash = {098cc7e185f10c3da390459a01e0d535},
  intrahash = {8954248a545d88dd2c0e688d1c7e2f9d},
  keywords = {imported},
  timestamp = {2007-12-30T11:39:05.000+0100},
  title = {Manifesto for Agile Software Development},
  url = {http://www.agilemanifesto.org/},
  year = 2001
}

@misc{atlassian_jira,
  author = {Atlassian},
  title = {Jira Software | Issue \& Project Tracking Tool},
  year = {2025},
  howpublished = {\url{https://www.atlassian.com/software/jira}},
  note = {[Ultimo accesso: 18-09-2025]},
  publisher = {Atlassian}
}

@misc{slack,
  author = {Slack Technologies, LLC},
  title = {Slack: Your AI-Powered Productivity Platform},
  year = {2025},
  howpublished = {\url{https://slack.com}},
  note = {[Ultimo accesso: 22-09-2025]},
  publisher = {Salesforce, Inc.}
}
